%YAML 1.1
%TAG !u! tag:unity3d.com,2011:
--- !u!1 &54568415284096941
GameObject:
  m_ObjectHideFlags: 0
  m_CorrespondingSourceObject: {fileID: 0}
  m_PrefabInstance: {fileID: 0}
  m_PrefabAsset: {fileID: 0}
  serializedVersion: 6
  m_Component:
  - component: {fileID: 1152584652339890677}
  - component: {fileID: 8533142576618261777}
  - component: {fileID: 8682257612513311575}
  - component: {fileID: 7094604925886607245}
  - component: {fileID: 8118770357691034379}
  - component: {fileID: 5279961028721146152}
  - component: {fileID: -1193348125491130060}
  - component: {fileID: 4704665564672875949}
  - component: {fileID: -9212402122741847641}
  - component: {fileID: 7831606757251826783}
  - component: {fileID: 1526345243970703072}
  - component: {fileID: -7627900400627018772}
  - component: {fileID: -6794748253877856074}
  - component: {fileID: 1005147476413986053}
  m_Layer: 0
  m_Name: AI
  m_TagString: Untagged
  m_Icon: {fileID: 0}
  m_NavMeshLayer: 0
  m_StaticEditorFlags: 0
  m_IsActive: 1
--- !u!4 &1152584652339890677
Transform:
  m_ObjectHideFlags: 0
  m_CorrespondingSourceObject: {fileID: 0}
  m_PrefabInstance: {fileID: 0}
  m_PrefabAsset: {fileID: 0}
  m_GameObject: {fileID: 54568415284096941}
  m_LocalRotation: {x: 0, y: 0, z: 0, w: 1}
  m_LocalPosition: {x: 0, y: 3, z: 0}
  m_LocalScale: {x: 1, y: 1, z: 1}
  m_Children:
  - {fileID: 7029172905799614459}
  m_Father: {fileID: 0}
  m_RootOrder: 0
  m_LocalEulerAnglesHint: {x: 0, y: 0, z: 0}
--- !u!33 &8533142576618261777
MeshFilter:
  m_ObjectHideFlags: 0
  m_CorrespondingSourceObject: {fileID: 0}
  m_PrefabInstance: {fileID: 0}
  m_PrefabAsset: {fileID: 0}
  m_GameObject: {fileID: 54568415284096941}
  m_Mesh: {fileID: 10208, guid: 0000000000000000e000000000000000, type: 0}
--- !u!23 &8682257612513311575
MeshRenderer:
  m_ObjectHideFlags: 0
  m_CorrespondingSourceObject: {fileID: 0}
  m_PrefabInstance: {fileID: 0}
  m_PrefabAsset: {fileID: 0}
  m_GameObject: {fileID: 54568415284096941}
  m_Enabled: 1
  m_CastShadows: 1
  m_ReceiveShadows: 1
  m_DynamicOccludee: 1
  m_MotionVectors: 1
  m_LightProbeUsage: 1
  m_ReflectionProbeUsage: 1
  m_RenderingLayerMask: 1
  m_RendererPriority: 0
  m_Materials:
  - {fileID: 10303, guid: 0000000000000000f000000000000000, type: 0}
  m_StaticBatchInfo:
    firstSubMesh: 0
    subMeshCount: 0
  m_StaticBatchRoot: {fileID: 0}
  m_ProbeAnchor: {fileID: 0}
  m_LightProbeVolumeOverride: {fileID: 0}
  m_ScaleInLightmap: 1
  m_ReceiveGI: 1
  m_PreserveUVs: 0
  m_IgnoreNormalsForChartDetection: 0
  m_ImportantGI: 0
  m_StitchLightmapSeams: 1
  m_SelectedEditorRenderState: 3
  m_MinimumChartSize: 4
  m_AutoUVMaxDistance: 0.5
  m_AutoUVMaxAngle: 89
  m_LightmapParameters: {fileID: 0}
  m_SortingLayerID: 0
  m_SortingLayer: 0
  m_SortingOrder: 0
--- !u!136 &7094604925886607245
CapsuleCollider:
  m_ObjectHideFlags: 0
  m_CorrespondingSourceObject: {fileID: 0}
  m_PrefabInstance: {fileID: 0}
  m_PrefabAsset: {fileID: 0}
  m_GameObject: {fileID: 54568415284096941}
  m_Material: {fileID: 0}
  m_IsTrigger: 0
  m_Enabled: 1
  m_Radius: 0.5
  m_Height: 2
  m_Direction: 1
  m_Center: {x: 0, y: 0, z: 0}
--- !u!195 &8118770357691034379
NavMeshAgent:
  m_ObjectHideFlags: 0
  m_CorrespondingSourceObject: {fileID: 0}
  m_PrefabInstance: {fileID: 0}
  m_PrefabAsset: {fileID: 0}
  m_GameObject: {fileID: 54568415284096941}
  m_Enabled: 1
  m_AgentTypeID: 0
  m_Radius: 0.5
  m_Speed: 2
  m_Acceleration: 8
  avoidancePriority: 50
  m_AngularSpeed: 120
  m_StoppingDistance: 0
  m_AutoTraverseOffMeshLink: 1
  m_AutoBraking: 0
  m_AutoRepath: 1
  m_Height: 2
  m_BaseOffset: 1
  m_WalkableMask: 4294967295
  m_ObstacleAvoidanceType: 4
--- !u!114 &5279961028721146152
MonoBehaviour:
  m_ObjectHideFlags: 0
  m_CorrespondingSourceObject: {fileID: 0}
  m_PrefabInstance: {fileID: 0}
  m_PrefabAsset: {fileID: 0}
  m_GameObject: {fileID: 54568415284096941}
  m_Enabled: 1
  m_EditorHideFlags: 0
  m_Script: {fileID: 11500000, guid: 6e5b5e13594429b419b5ef514549625e, type: 3}
  m_Name: 
  m_EditorClassIdentifier: 
--- !u!114 &-1193348125491130060
MonoBehaviour:
  m_ObjectHideFlags: 0
  m_CorrespondingSourceObject: {fileID: 0}
  m_PrefabInstance: {fileID: 0}
  m_PrefabAsset: {fileID: 0}
  m_GameObject: {fileID: 54568415284096941}
  m_Enabled: 1
  m_EditorHideFlags: 0
  m_Script: {fileID: 11500000, guid: af37b997f1f34c74c8c33fc2ebf65f75, type: 3}
  m_Name: 
  m_EditorClassIdentifier: 
  isDebug: 0
  stopDist: 1
  runningSpeedIncrease: 3
  extraRotationSpeed: 10
--- !u!114 &4704665564672875949
MonoBehaviour:
  m_ObjectHideFlags: 0
  m_CorrespondingSourceObject: {fileID: 0}
  m_PrefabInstance: {fileID: 0}
  m_PrefabAsset: {fileID: 0}
  m_GameObject: {fileID: 54568415284096941}
  m_Enabled: 1
  m_EditorHideFlags: 0
  m_Script: {fileID: 11500000, guid: 00cb02ad45c261e41b7a7464f5c4fd35, type: 3}
  m_Name: 
  m_EditorClassIdentifier: 
--- !u!114 &-9212402122741847641
MonoBehaviour:
  m_ObjectHideFlags: 0
  m_CorrespondingSourceObject: {fileID: 0}
  m_PrefabInstance: {fileID: 0}
  m_PrefabAsset: {fileID: 0}
  m_GameObject: {fileID: 54568415284096941}
  m_Enabled: 1
  m_EditorHideFlags: 0
  m_Script: {fileID: 11500000, guid: db2add0f47b92994cad48b1262f35dff, type: 3}
  m_Name: 
  m_EditorClassIdentifier: 
  isDebug: 1
  range: 10
  horizontalFOV: 180
  verticalFOV: 90
--- !u!114 &7831606757251826783
MonoBehaviour:
  m_ObjectHideFlags: 0
  m_CorrespondingSourceObject: {fileID: 0}
  m_PrefabInstance: {fileID: 0}
  m_PrefabAsset: {fileID: 0}
  m_GameObject: {fileID: 54568415284096941}
  m_Enabled: 1
  m_EditorHideFlags: 0
  m_Script: {fileID: 11500000, guid: 185fd54f3506766438f57519cd1cfce6, type: 3}
  m_Name: 
  m_EditorClassIdentifier: 
  isDefault: 1
  priority: 0
  updatePlayerPosFrequency: 1
--- !u!114 &1526345243970703072
MonoBehaviour:
  m_ObjectHideFlags: 0
  m_CorrespondingSourceObject: {fileID: 0}
  m_PrefabInstance: {fileID: 0}
  m_PrefabAsset: {fileID: 0}
  m_GameObject: {fileID: 54568415284096941}
  m_Enabled: 1
  m_EditorHideFlags: 0
  m_Script: {fileID: 11500000, guid: 2dbc859e56cbf2147a02723f3ec5456a, type: 3}
  m_Name: 
  m_EditorClassIdentifier: 
  isDefault: 0
  priority: 0
  maxHealth: 100
  damageMultiplier: 1
  healthUpdateCooldown: 0.1
--- !u!114 &-7627900400627018772
MonoBehaviour:
  m_ObjectHideFlags: 0
  m_CorrespondingSourceObject: {fileID: 0}
  m_PrefabInstance: {fileID: 0}
  m_PrefabAsset: {fileID: 0}
  m_GameObject: {fileID: 54568415284096941}
  m_Enabled: 1
  m_EditorHideFlags: 0
  m_Script: {fileID: 11500000, guid: f8d41795f5e396847a8f9d7eca194739, type: 3}
  m_Name: 
  m_EditorClassIdentifier: 
  isDefault: 0
  priority: 20
  isDebug: 0
  minDistToPlayer: 7.5
  startingWeapon: {fileID: 0}
--- !u!114 &-6794748253877856074
MonoBehaviour:
  m_ObjectHideFlags: 0
  m_CorrespondingSourceObject: {fileID: 0}
  m_PrefabInstance: {fileID: 0}
  m_PrefabAsset: {fileID: 0}
  m_GameObject: {fileID: 54568415284096941}
  m_Enabled: 1
  m_EditorHideFlags: 0
  m_Script: {fileID: 11500000, guid: 6afa812770cfa4848add3402a204fbff, type: 3}
  m_Name: 
  m_EditorClassIdentifier: 
  isDefault: 0
  priority: 10
--- !u!114 &1005147476413986053
MonoBehaviour:
  m_ObjectHideFlags: 0
  m_CorrespondingSourceObject: {fileID: 0}
  m_PrefabInstance: {fileID: 0}
  m_PrefabAsset: {fileID: 0}
  m_GameObject: {fileID: 54568415284096941}
  m_Enabled: 1
  m_EditorHideFlags: 0
  m_Script: {fileID: 11500000, guid: 83450961b3d70c6459348f009a8b97a3, type: 3}
  m_Name: 
  m_EditorClassIdentifier: 
--- !u!1 &4323312988114896143
GameObject:
  m_ObjectHideFlags: 0
  m_CorrespondingSourceObject: {fileID: 0}
  m_PrefabInstance: {fileID: 0}
  m_PrefabAsset: {fileID: 0}
  serializedVersion: 6
  m_Component:
  - component: {fileID: 7029172905799614459}
  m_Layer: 0
  m_Name: Weapons
  m_TagString: Untagged
  m_Icon: {fileID: 0}
  m_NavMeshLayer: 0
  m_StaticEditorFlags: 0
  m_IsActive: 1
--- !u!4 &7029172905799614459
Transform:
  m_ObjectHideFlags: 0
  m_CorrespondingSourceObject: {fileID: 0}
  m_PrefabInstance: {fileID: 0}
  m_PrefabAsset: {fileID: 0}
  m_GameObject: {fileID: 4323312988114896143}
  m_LocalRotation: {x: -0, y: -0, z: -0, w: 1}
  m_LocalPosition: {x: 0, y: 0, z: 0.6}
  m_LocalScale: {x: 1, y: 1, z: 1}
  m_Children:
  - {fileID: 1441621592752304619}
  - {fileID: 6735274832307384560}
  - {fileID: 3615618353716915957}
  m_Father: {fileID: 1152584652339890677}
  m_RootOrder: 0
  m_LocalEulerAnglesHint: {x: 0, y: 0, z: 0}
--- !u!1001 &4156386528132551302
PrefabInstance:
  m_ObjectHideFlags: 0
  serializedVersion: 2
  m_Modification:
    m_TransformParent: {fileID: 7029172905799614459}
    m_Modifications:
    - target: {fileID: 1185988459455614213, guid: 9d88a0e5365738d43b747abcef98be4e,
        type: 3}
      propertyPath: m_Name
      value: FullAutoGun
      objectReference: {fileID: 0}
    - target: {fileID: 1185988459455614213, guid: 9d88a0e5365738d43b747abcef98be4e,
        type: 3}
      propertyPath: m_IsActive
      value: 1
      objectReference: {fileID: 0}
    - target: {fileID: 3292088127854207853, guid: 9d88a0e5365738d43b747abcef98be4e,
        type: 3}
      propertyPath: m_LocalPosition.x
      value: 0
      objectReference: {fileID: 0}
    - target: {fileID: 3292088127854207853, guid: 9d88a0e5365738d43b747abcef98be4e,
        type: 3}
      propertyPath: m_LocalPosition.y
      value: 0
      objectReference: {fileID: 0}
    - target: {fileID: 3292088127854207853, guid: 9d88a0e5365738d43b747abcef98be4e,
        type: 3}
      propertyPath: m_LocalPosition.z
      value: 0.3
      objectReference: {fileID: 0}
    - target: {fileID: 3292088127854207853, guid: 9d88a0e5365738d43b747abcef98be4e,
        type: 3}
      propertyPath: m_LocalRotation.x
      value: -0
      objectReference: {fileID: 0}
    - target: {fileID: 3292088127854207853, guid: 9d88a0e5365738d43b747abcef98be4e,
        type: 3}
      propertyPath: m_LocalRotation.y
      value: -0
      objectReference: {fileID: 0}
    - target: {fileID: 3292088127854207853, guid: 9d88a0e5365738d43b747abcef98be4e,
        type: 3}
      propertyPath: m_LocalRotation.z
      value: -0
      objectReference: {fileID: 0}
    - target: {fileID: 3292088127854207853, guid: 9d88a0e5365738d43b747abcef98be4e,
        type: 3}
      propertyPath: m_LocalRotation.w
      value: 1
      objectReference: {fileID: 0}
    - target: {fileID: 3292088127854207853, guid: 9d88a0e5365738d43b747abcef98be4e,
        type: 3}
      propertyPath: m_RootOrder
      value: 0
      objectReference: {fileID: 0}
    - target: {fileID: 3292088127854207853, guid: 9d88a0e5365738d43b747abcef98be4e,
        type: 3}
      propertyPath: m_LocalEulerAnglesHint.x
      value: 0
      objectReference: {fileID: 0}
    - target: {fileID: 3292088127854207853, guid: 9d88a0e5365738d43b747abcef98be4e,
        type: 3}
      propertyPath: m_LocalEulerAnglesHint.y
      value: 0
      objectReference: {fileID: 0}
    - target: {fileID: 3292088127854207853, guid: 9d88a0e5365738d43b747abcef98be4e,
        type: 3}
      propertyPath: m_LocalEulerAnglesHint.z
      value: 0
      objectReference: {fileID: 0}
    - target: {fileID: 3833436318351398605, guid: 9d88a0e5365738d43b747abcef98be4e,
        type: 3}
      propertyPath: m_IsKinematic
      value: 1
      objectReference: {fileID: 0}
    - target: {fileID: 3833436318351398605, guid: 9d88a0e5365738d43b747abcef98be4e,
        type: 3}
      propertyPath: m_UseGravity
      value: 1
      objectReference: {fileID: 0}
    m_RemovedComponents: []
  m_SourcePrefab: {fileID: 100100000, guid: 9d88a0e5365738d43b747abcef98be4e, type: 3}
--- !u!4 &1441621592752304619 stripped
Transform:
  m_CorrespondingSourceObject: {fileID: 3292088127854207853, guid: 9d88a0e5365738d43b747abcef98be4e,
    type: 3}
  m_PrefabInstance: {fileID: 4156386528132551302}
  m_PrefabAsset: {fileID: 0}
--- !u!1001 &4808679950158758903
PrefabInstance:
  m_ObjectHideFlags: 0
  serializedVersion: 2
  m_Modification:
    m_TransformParent: {fileID: 7029172905799614459}
    m_Modifications:
    - target: {fileID: 5569897065304753002, guid: 5cf87047fa3381f4c8313abef1c41bb2,
        type: 3}
      propertyPath: m_Name
      value: BurstGun
      objectReference: {fileID: 0}
    - target: {fileID: 5569897065304753002, guid: 5cf87047fa3381f4c8313abef1c41bb2,
        type: 3}
      propertyPath: m_IsActive
      value: 1
      objectReference: {fileID: 0}
    - target: {fileID: 8112844760364641538, guid: 5cf87047fa3381f4c8313abef1c41bb2,
        type: 3}
      propertyPath: m_LocalPosition.x
      value: 0
      objectReference: {fileID: 0}
    - target: {fileID: 8112844760364641538, guid: 5cf87047fa3381f4c8313abef1c41bb2,
        type: 3}
      propertyPath: m_LocalPosition.y
      value: 0
      objectReference: {fileID: 0}
    - target: {fileID: 8112844760364641538, guid: 5cf87047fa3381f4c8313abef1c41bb2,
        type: 3}
      propertyPath: m_LocalPosition.z
      value: 0.3
      objectReference: {fileID: 0}
    - target: {fileID: 8112844760364641538, guid: 5cf87047fa3381f4c8313abef1c41bb2,
        type: 3}
      propertyPath: m_LocalRotation.x
      value: 0
      objectReference: {fileID: 0}
    - target: {fileID: 8112844760364641538, guid: 5cf87047fa3381f4c8313abef1c41bb2,
        type: 3}
      propertyPath: m_LocalRotation.y
      value: 0
      objectReference: {fileID: 0}
    - target: {fileID: 8112844760364641538, guid: 5cf87047fa3381f4c8313abef1c41bb2,
        type: 3}
      propertyPath: m_LocalRotation.z
      value: 0
      objectReference: {fileID: 0}
    - target: {fileID: 8112844760364641538, guid: 5cf87047fa3381f4c8313abef1c41bb2,
        type: 3}
      propertyPath: m_LocalRotation.w
      value: 1
      objectReference: {fileID: 0}
    - target: {fileID: 8112844760364641538, guid: 5cf87047fa3381f4c8313abef1c41bb2,
        type: 3}
      propertyPath: m_RootOrder
      value: 2
      objectReference: {fileID: 0}
    - target: {fileID: 8112844760364641538, guid: 5cf87047fa3381f4c8313abef1c41bb2,
        type: 3}
      propertyPath: m_LocalEulerAnglesHint.x
      value: 0
      objectReference: {fileID: 0}
    - target: {fileID: 8112844760364641538, guid: 5cf87047fa3381f4c8313abef1c41bb2,
        type: 3}
      propertyPath: m_LocalEulerAnglesHint.y
      value: 0
      objectReference: {fileID: 0}
    - target: {fileID: 8112844760364641538, guid: 5cf87047fa3381f4c8313abef1c41bb2,
        type: 3}
      propertyPath: m_LocalEulerAnglesHint.z
      value: 0
      objectReference: {fileID: 0}
    - target: {fileID: 7496909961579010210, guid: 5cf87047fa3381f4c8313abef1c41bb2,
        type: 3}
      propertyPath: m_IsKinematic
      value: 1
      objectReference: {fileID: 0}
    - target: {fileID: 7496909961579010210, guid: 5cf87047fa3381f4c8313abef1c41bb2,
        type: 3}
      propertyPath: m_UseGravity
      value: 1
      objectReference: {fileID: 0}
    m_RemovedComponents: []
  m_SourcePrefab: {fileID: 100100000, guid: 5cf87047fa3381f4c8313abef1c41bb2, type: 3}
--- !u!4 &3615618353716915957 stripped
Transform:
  m_CorrespondingSourceObject: {fileID: 8112844760364641538, guid: 5cf87047fa3381f4c8313abef1c41bb2,
    type: 3}
  m_PrefabInstance: {fileID: 4808679950158758903}
  m_PrefabAsset: {fileID: 0}
--- !u!1001 &7700281543865867196
PrefabInstance:
  m_ObjectHideFlags: 0
  serializedVersion: 2
  m_Modification:
    m_TransformParent: {fileID: 7029172905799614459}
    m_Modifications:
    - target: {fileID: 756260658697667876, guid: 59a037603888b574f8171a74d25e8dde,
        type: 3}
      propertyPath: m_Name
      value: SemiAutoGun
      objectReference: {fileID: 0}
    - target: {fileID: 756260658697667876, guid: 59a037603888b574f8171a74d25e8dde,
        type: 3}
      propertyPath: m_IsActive
      value: 1
      objectReference: {fileID: 0}
    - target: {fileID: 4009441178508356428, guid: 59a037603888b574f8171a74d25e8dde,
        type: 3}
      propertyPath: m_LocalPosition.x
      value: 0
      objectReference: {fileID: 0}
    - target: {fileID: 4009441178508356428, guid: 59a037603888b574f8171a74d25e8dde,
        type: 3}
      propertyPath: m_LocalPosition.y
      value: 0
      objectReference: {fileID: 0}
    - target: {fileID: 4009441178508356428, guid: 59a037603888b574f8171a74d25e8dde,
        type: 3}
      propertyPath: m_LocalPosition.z
      value: 0.2
      objectReference: {fileID: 0}
    - target: {fileID: 4009441178508356428, guid: 59a037603888b574f8171a74d25e8dde,
        type: 3}
      propertyPath: m_LocalRotation.x
      value: -0
      objectReference: {fileID: 0}
    - target: {fileID: 4009441178508356428, guid: 59a037603888b574f8171a74d25e8dde,
        type: 3}
      propertyPath: m_LocalRotation.y
      value: -0
      objectReference: {fileID: 0}
    - target: {fileID: 4009441178508356428, guid: 59a037603888b574f8171a74d25e8dde,
        type: 3}
      propertyPath: m_LocalRotation.z
      value: -0
      objectReference: {fileID: 0}
    - target: {fileID: 4009441178508356428, guid: 59a037603888b574f8171a74d25e8dde,
        type: 3}
      propertyPath: m_LocalRotation.w
      value: 1
      objectReference: {fileID: 0}
    - target: {fileID: 4009441178508356428, guid: 59a037603888b574f8171a74d25e8dde,
        type: 3}
      propertyPath: m_RootOrder
      value: 1
      objectReference: {fileID: 0}
    - target: {fileID: 4009441178508356428, guid: 59a037603888b574f8171a74d25e8dde,
        type: 3}
      propertyPath: m_LocalEulerAnglesHint.x
      value: 0
      objectReference: {fileID: 0}
    - target: {fileID: 4009441178508356428, guid: 59a037603888b574f8171a74d25e8dde,
        type: 3}
      propertyPath: m_LocalEulerAnglesHint.y
      value: 0
      objectReference: {fileID: 0}
    - target: {fileID: 4009441178508356428, guid: 59a037603888b574f8171a74d25e8dde,
        type: 3}
      propertyPath: m_LocalEulerAnglesHint.z
      value: 0
      objectReference: {fileID: 0}
    - target: {fileID: 3402653355539767020, guid: 59a037603888b574f8171a74d25e8dde,
        type: 3}
      propertyPath: m_IsKinematic
      value: 1
      objectReference: {fileID: 0}
    - target: {fileID: 3402653355539767020, guid: 59a037603888b574f8171a74d25e8dde,
        type: 3}
      propertyPath: m_UseGravity
      value: 1
      objectReference: {fileID: 0}
    m_RemovedComponents: []
  m_SourcePrefab: {fileID: 100100000, guid: 59a037603888b574f8171a74d25e8dde, type: 3}
--- !u!4 &6735274832307384560 stripped
Transform:
  m_CorrespondingSourceObject: {fileID: 4009441178508356428, guid: 59a037603888b574f8171a74d25e8dde,
    type: 3}
  m_PrefabInstance: {fileID: 7700281543865867196}
  m_PrefabAsset: {fileID: 0}
